<?xml version="1.0" encoding="UTF-8"?><collection xmlns="http://www.loc.gov/MARC21/slim"><record><leader>00417nam--2200145-i-4500</leader><controlfield tag="001">000042995</controlfield><controlfield tag="002">20161230</controlfield><controlfield tag="005">20161230201043</controlfield><controlfield tag="008">060222s1000------------r-----000-0-eng-d</controlfield><datafield ind1=" " ind2=" " tag="080"><subfield code="a">517.531</subfield></datafield><datafield ind1=" " ind2=" " tag="100"><subfield code="a">Stoilow,S</subfield></datafield><datafield ind1=" " ind2=" " tag="245"><subfield code="a">Teoria functiilor de o variabila complexa. vol.1:notiuni si principii fundamentale</subfield></datafield><datafield ind1=" " ind2=" " tag="260"><subfield code="a">Bucuresti, Ed.Acad.Rpr, 1954. 308 P</subfield></datafield><datafield ind1=" " ind2=" " tag="852"><subfield code="a">3297</subfield><subfield code="c">517.53</subfield></datafield><datafield ind1=" " ind2=" " tag="CAT"><subfield code="a">Sys</subfield><subfield code="c">20080814</subfield><subfield code="h">103317</subfield></datafield></record></collection>